This file was created with JabRef 2.2.
Encoding: MacRoman

@ARTICLE{chai2014,
  author = {T. Chai and R.R. Draxler},
  title = {Root mean square error (RMSE) or mean absolute error (MAE)? – Arguments against avoiding RMSE in the literature},
    journal = {Geoscientific Model Development},
  year = {2014},
  pages = {1247--1250},
  address = {NOAA
Air Resources Laboratory (ARL), NOAA Center for Weather and Climate Prediction, 5830 University Research Court, College Park, MD 20740, USA}
}

@ARTICLE{dewitte2004,
  author = {S. Dewitte and others},
  title = {Measurement And Uncertainty Of The Long-Term Total Solar Irradiance Trend},
  journal = {Solar Physics},
  year = {2004},
  pages = {209--216},
  address = {Royal Meteorological Institute of Belgium, Ringlaan 3, Brussels, Belgium}
}

@ARTICLE{hooyberghs2006,
  author = {J. Hooyberghs and others},
  title = {Spatial interpolation of ambient ozone concentrations from sparse monitoring points in Belgium},
  journal = {J. Environ. Monit.},
  year = {2006},
  pages = {1129--1135},
  address = {Flemish Institute for Technological Research (VITO),Boeretang 200, B-2400 Mol, Belgium}
}

@ARTICLE{janssen2008,
  author = {S. Janssen and others},
  title = {Spatial interpolation of air pollution measurements using CORINE land cover data},
  journal = {Atmospheric Environment, Volume 42, Issue 20},
  year = {2008},
  pages = {4884--4903},
  address = {Flemish Institute for Technological Research (VITO), Boeretang 200, B-2400 Mol, Belgium}
}

@BOOK{lovelace2018,
  author = {R. Lovelace and others},
  title = {Geocomputation with R},
  year = {2018}
}

@ARTICLE{munafo2017,
  author = {M. Munafo and others},
  title = {A manifesto for reproducible science},
  journal = {Nature Human Behaviour volume 1, Article number: 0021},
  year = {2017}
}

@ARTICLE{racca2011,
  author = {P. Racca and others},
  title = {Decision Support Systems in Agriculture : Administration of Meteorological Data, Use of Geographic Information Systems (GIS) and Validation Methods in Crop Protection Warning Service},
  journal = {Efficient Decision Support Systems - Practice and Challenges From Current to Future},
  year = {2011},
  pages = {331--354},
  address = {ZEPP-Central Institution for Decision Support Systems in Crop Protection, Rüdesheimerstr Kreuznach, Germany}
}

@ARTICLE{zeuner2007,
  author = {T. Zeuner and B. Kleinhenz},
  title = {Use of geographic information systems in warning services for late blight},
  journal = {Bulletin OEPP/EPPO},
  year = {2007},
  pages = {327--334},
  address = {ZEPP – Central Institution for Decision Support Systems in Crop Protection, Rüdesheimerstr. 60-68, D-55545 Bad Kreuznach (Germany)}
}
